<record><leader>00000cas a22000007a 4500</leader><controlfield tag="001">18452570</controlfield><controlfield tag="008">880907d18881888lauwr ne      0    0eng d</controlfield><datafield ind1=" " ind2=" " tag="010"><subfield code="a">sn 88064626 </subfield></datafield><datafield ind1=" " ind2=" " tag="040"><subfield code="a">LNP</subfield><subfield code="b">eng</subfield><subfield code="c">LNP</subfield><subfield code="d">OCLCQ</subfield></datafield><datafield ind1=" " ind2=" " tag="042"><subfield code="a">msc</subfield></datafield><datafield ind1="0" ind2="0" tag="245"><subfield code="a">Louisiana churchman.</subfield></datafield><datafield ind1=" " ind2=" " tag="260"><subfield code="a">Bayou Sara, La. :</subfield><subfield code="b">J. Burruss McGehee</subfield></datafield><datafield ind1=" " ind2=" " tag="300"><subfield code="a">v.</subfield></datafield><datafield ind1=" " ind2=" " tag="310"><subfield code="a">Weekly</subfield></datafield><datafield ind1="0" ind2=" " tag="362"><subfield code="a">Vol. 1, no. 19 [i.e. 20] (Sept. 22, 1888)-v. 1, no. 33 (Dec. 29, 1888).</subfield></datafield><datafield ind1=" " ind2=" " tag="752"><subfield code="a">United States</subfield><subfield code="b">Louisiana</subfield><subfield code="c">West Feliciana</subfield><subfield code="d">Bayou Sara.</subfield></datafield><datafield ind1="0" ind2="1" tag="780"><subfield code="t">Louisiana churchman and industrial news</subfield><subfield code="w">(DLC)sn 88064625</subfield></datafield></record>